<?xml version="1.0" encoding="UTF-8"?><collection xmlns="http://www.loc.gov/MARC21/slim"><record><leader>00464nam--2200157-i-4500</leader><controlfield tag="001">000006565</controlfield><controlfield tag="002">20161230</controlfield><controlfield tag="005">20170114234442</controlfield><controlfield tag="008">060222s1000------------r-----000-0-eng-d</controlfield><datafield ind1=" " ind2=" " tag="100"><subfield code="a">Bacon, G. E</subfield></datafield><datafield ind1=" " ind2=" " tag="245"><subfield code="a">Applications of neutron diffraction in chemistry</subfield></datafield><datafield ind1=" " ind2=" " tag="260"><subfield code="a">London</subfield><subfield code="b">Pergamon Press</subfield><subfield code="c">1963</subfield></datafield><datafield ind1=" " ind2=" " tag="300"><subfield code="a">XI + 141 p</subfield></datafield><datafield ind1=" " ind2=" " tag="490"><subfield code="a">The International Encyclopedia Of Physical Chemistry And Chemical Physics</subfield></datafield><datafield ind1=" " ind2=" " tag="852"><subfield code="a">11418</subfield></datafield><datafield ind1=" " ind2=" " tag="CAT"><subfield code="a">SYS</subfield><subfield code="c">20170114</subfield><subfield code="h">234442</subfield></datafield></record></collection>